@BOOK{Sardonick2011,
	title = {Methoden der Usability Evaluation: Wissenschaftliche Grundlagen und praktische Anwendung},
	publisher = {Verlag Hans Huber},
	year = {2011},
	author = {Sardonick, Florian;  Brau, Henning}
}